@article{scrivano2023continuous,
  title     = {Continuous-flow simulation of manufacturing systems with assembly/disassembly machines, multiple loops and general layout},
  author    = {Scrivano, Salvatore and Tan, Bar{\i}{\c{s}} and Tolio, Tullio},
  journal   = {Journal of Manufacturing Systems},
  volume    = {69},
  pages     = {103--118},
  year      = {2023},
  publisher = {Elsevier}
}


